@article{shapiro2022,
  title={Taking the fed at its word: A new approach to estimating central bank objectives using text analysis},
  author={Shapiro, Adam Hale and Wilson, Daniel J},
  journal={The Review of Economic Studies},
  volume={89},
  number={5},
  pages={2768--2805},
  year={2022},
  url = {https://www.frbsf.org/economic-research/files/wp2019-02.pdf},

  publisher={Oxford University Press}
}